@masterthesis{master-thesis,
    title = {Instant, Personalized Search Recommandation},
    author = {Juul Arthur R Rudihagen},
    institution = {Norwegian University of Science and Technology},
    school= {Norwegian University of Science and Technology},
    year = {2015}
}

@article{ir-microblogs,
    author = {Miles Efron},
    title = {Information Serach and Retrieval in Microblogs},
    institution = {University of Illinois},
    year = {2011}
}

@article{ir-hashtag,
    author = {Miles Efron},
    title = {Hashtag Retrieval in a Microblogging Environment},
    institution = {University of Illinois},
    year = {2010}
}

@inproceedings{google-latency,
  title = {User Preference and Search Engine Latency},
  author  = {Jake D. Brutlag and Hilary Hutchinson and Maria Stone},
  year  = 2008,
  booktitle = {JSM Proceedings, Qualtiy and Productivity Research Section.},
  address = {Alexandria, VA}
}
